@book{Abra85,
  author    = {Abraham, R. and Marsden, J.},
  title     = {Foundations of Mechanics},
  edition   = {2nd},
  publisher = {Addison-Wesley},
  address   = {Reading},
  year      = {1985}
}

@book{Abra88,
  author    = {Abraham, R. and Marsden, J. and Ratiu, T.},
  title     = {Manifolds, Tensor Analysis, and Applications},
  edition   = {2nd},
  publisher = {Springer},
  address   = {Berlin},
  year      = {1988}
}

@book{Axle96,
  author    = {Axler, S.},
  title     = {Linear Algebra Done Right},
  publisher = {Springer},
  address   = {Berlin},
  year      = {1996}
}

@book{Baru86,
  author    = {Barut, A. and Raczka, R.},
  title     = {Theory of Group Representations and Applications},
  publisher = {World Scientific},
  address   = {Singapore},
  year      = {1986}
}

@book{Benn87,
  author    = {Benn, I. M. and Tucker, R. W.},
  title     = {An Introduction to Spinors and Geometry with Applications in Physics},
  publisher = {Adam Hilger},
  address   = {Bristol},
  year      = {1987}
}

@book{Birk77,
  author    = {Birkhoff, G. and MacLane, S.},
  title     = {Modern Algebra},
  edition   = {4th},
  publisher = {Macmillan},
  address   = {London},
  year      = {1977}
}

@book{Birk78,
  author    = {Birkhoff, G. and Rota, G.-C.},
  title     = {Ordinary Differential Equations},
  edition   = {3rd},
  publisher = {Wiley},
  address   = {New York},
  year      = {1978}
}

@book{Bish80,
  author    = {Bishop, R. and Goldberg, S.},
  title     = {Tensor Analysis on Manifolds},
  publisher = {Dover},
  address   = {New York},
  year      = {1980}
}

@book{Ble81,
  author    = {Bleecker, D.},
  title     = {Gauge Theory and Variational Principles},
  publisher = {Addison-Wesley},
  address   = {Reading},
  year      = {1981}
}

@book{Bly90,
  author    = {Blyth, T.},
  title     = {Module Theory},
  publisher = {Oxford University Press},
  address   = {Oxford},
  year      = {1990}
}

@book{Boer63,
  author    = {Boerner, H.},
  title     = {Representation of Groups},
  publisher = {North-Holland},
  address   = {Amsterdam},
  year      = {1963}
}

@book{Chur74,
  author    = {Churchill, R. and Verhey, R.},
  title     = {Complex Variables and Applications},
  edition   = {3rd},
  publisher = {McGraw-Hill},
  address   = {New York},
  year      = {1974}
}

@book{Cour62,
  author    = {Courant, R. and Hilbert, D.},
  title     = {Methods of Mathematical Physics},
  volume    = {1},
  publisher = {Interscience},
  address   = {New York},
  year      = {1962}
}

@book{Denn67,
  author    = {Dennery, P. and Krzywicki, A.},
  title     = {Mathematics for Physicists},
  publisher = {Harper and Row},
  address   = {New York},
  year      = {1967}
}

@book{DeVi90,
  author    = {DeVito, C.},
  title     = {Functional Analysis and Linear Operator Theory},
  publisher = {Addison-Wesley},
  address   = {Reading},
  year      = {1990}
}

@book{Flan89,
  author    = {Flanders, H.},
  title     = {Differential Forms with Applications to Physical Sciences},
  publisher = {Dover},
  address   = {New York},
  year      = {1989}
}

@book{Frie82,
  author    = {Friedman, A.},
  title     = {Foundations of Modern Analysis},
  publisher = {Dover},
  address   = {New York},
  year      = {1982}
}

@book{Fult91,
  author    = {Fulton, W. and Harris, J.},
  title     = {Representation Theory},
  publisher = {Springer},
  address   = {Berlin},
  year      = {1991}
}

@book{Grad65,
  author    = {Gradshteyn, I. and Ryzhik, I.},
  title     = {Table of Integrals, Series, and Products},
  publisher = {Academic Press},
  address   = {New York},
  year      = {1965}
}

@book{Greu78,
  author    = {Greub, W.},
  title     = {Multilinear Algebra},
  edition   = {2nd},
  publisher = {Springer},
  address   = {Berlin},
  year      = {1978}
}

@book{Halm58,
  author    = {Halmos, P.},
  title     = {Finite Dimensional Vector Spaces},
  edition   = {2nd},
  publisher = {Van Nostrand},
  address   = {Princeton},
  year      = {1958}
}

@book{Hame89,
  author    = {Hamermesh, M.},
  title     = {Group Theory and Its Application to Physical Problems},
  publisher = {Dover},
  address   = {New York},
  year      = {1989}
}

@book{Hass08,
  author    = {Hassani, S.},
  title     = {Mathematical Methods for Students of Physics and Related Fields},
  edition   = {2nd},
  publisher = {Springer},
  address   = {Berlin},
  year      = {2008}
}

@book{Hell67,
  author    = {Hellwig, G.},
  title     = {Differential Operators of Mathematical Physics},
  publisher = {Addison-Wesley},
  address   = {Reading},
  year      = {1967}
}

@book{Hill87,
  author    = {Hildebrand, F.},
  title     = {Statistical Mechanics},
  publisher = {Dover},
  address   = {New York},
  year      = {1987}
}

@book{Koba63,
  author    = {Kobayashi, S. and Nomizu, K.},
  title     = {Foundations of Differential Geometry},
  volume    = {I},
  publisher = {Wiley},
  address   = {New York},
  year      = {1963}
}

@book{Lang85,
  author    = {Lang, S.},
  title     = {Complex Analysis},
  edition   = {2nd},
  publisher = {Springer},
  address   = {Berlin},
  year      = {1985}
}

@book{Lorr88,
  author    = {Lorrain, P. and Corson, D. and Lorrain, F.},
  title     = {Electromagnetic Fields and Waves},
  edition   = {3rd},
  publisher = {Freeman},
  address   = {New York},
  year      = {1988}
}

@book{Mack68,
  author    = {Mackey, G.},
  title     = {Induced Representations},
  publisher = {Benjamin},
  address   = {Elmsford},
  year      = {1968}
}

@book{Mari80,
  author    = {Marion, J. and Heald, M.},
  title     = {Classical Electromagnetic Radiation},
  edition   = {2nd},
  publisher = {Academic Press},
  address   = {New York},
  year      = {1980}
}

@book{Math70,
  author    = {Mathews, J. and Walker, R.},
  title     = {Mathematical Methods of Physics},
  edition   = {2nd},
  publisher = {Benjamin},
  address   = {Elmsford},
  year      = {1970}
}

@book{Mess66,
  author    = {Messiah, A.},
  title     = {Quantum Mechanics},
  volume    = {2},
  publisher = {Wiley},
  address   = {New York},
  year      = {1966}
}

@book{Mill68,
  author    = {Miller, W.},
  title     = {Lie Theory and Special Functions},
  publisher = {Academic Press},
  address   = {New York},
  year      = {1968}
}

@book{Misn73,
  author    = {Misner, C. and Thorne, K. and Wheeler, J.},
  title     = {Gravitation},
  publisher = {Freeman},
  address   = {New York},
  year      = {1973}
}

@book{Olve86,
  author    = {Olver, P.},
  title     = {Application of Lie Groups to Differential Equations},
  publisher = {Springer},
  address   = {Berlin},
  year      = {1986}
}

@book{Reed80,
  author    = {Reed, M. and Simon, B.},
  title     = {Functional Analysis},
  volume    = {4},
  publisher = {Academic Press},
  address   = {New York},
  year      = {1980}
}

@book{Rich78,
  author    = {Richtmyer, R.},
  title     = {Principles of Advanced Mathematical Physics},
  publisher = {Springer},
  address   = {Berlin},
  year      = {1978}
}

@book{Rotm84,
  author    = {Rotman, J.},
  title     = {An Introduction to the Theory of Groups},
  edition   = {3rd},
  publisher = {Allyn and Bacon},
  address   = {Needham Heights},
  year      = {1984}
}

@book{Saun89,
  author    = {Saunders, D.},
  title     = {The Geometry of Jet Bundles},
  publisher = {Cambridge University Press},
  address   = {Cambridge},
  year      = {1989}
}

@book{Simm83,
  author    = {Simmons, G.},
  title     = {Introduction to Topology and Modern Analysis},
  publisher = {Krieger},
  address   = {Melbourne},
  year      = {1983}
}

@book{Stak79,
  author    = {Stakgold, I.},
  title     = {Green’s Functions and Boundary Value Problems},
  publisher = {Wiley},
  address   = {New York},
  year      = {1979}
}

@book{Tric55,
  author    = {Tricomi, F.},
  title     = {Vorlesungen über Orthogonalreihen},
  publisher = {Springer},
  address   = {Berlin},
  year      = {1955}
}

@book{Vara84,
  author    = {Varadarajan, V.},
  title     = {Lie Groups, Lie Algebras and Their Representations},
  publisher = {Springer},
  address   = {Berlin},
  year      = {1984}
}

@book{Wald84,
  author    = {Wald, R.},
  title     = {General Relativity},
  publisher = {University of Chicago Press},
  address   = {Chicago},
  year      = {1984}
}

@book{Warn83,
  author    = {Warner, F.},
  title     = {Foundations of Differentiable Manifolds and Lie Groups},
  publisher = {Springer},
  address   = {Berlin},
  year      = {1983}
}

@book{Wein95,
  author    = {Weinberg, S.},
  title     = {The Quantum Theory of Fields},
  volume    = {2},
  publisher = {Cambridge University Press},
  address   = {Cambridge},
  year      = {1995}
}

@book{Zeid95,
  author    = {Zeidler, E.},
  title     = {Applied Functional Analysis},
  publisher = {Springer},
  address   = {Berlin},
  year      = {1995}
}
